====================================================================================================
FaultRecovery: A amplificação da biblioteca de tolerância a falhas.
====================================================================================================
Trabalho de conclusão de curso
----------------------------------------------------------------------------------------------------
Autor			: Cleiton Gonçalves de Almeida
Orientador		: Kleber Kruger
Instituição 	: UFMS - Universidade Federal do Mato Grosso do Sul
Unidade			: CPCX - Campus de Coxim
----------------------------------------------------------------------------------------------------
Arquivo			: tcc.tex
Data de criação	: 10 de Maio de 2016
====================================================================================================

@book{Velazco:2007,
	author        = {Velazco, Raoul and Fouillat, Pascal and Reis, Ricardo},
	title         = {Radiation effects on embedded systems},
	isbn		  = {9781402056468},
	publisher     = {Springer},
	address       = {Dordrecht},
	year          = {2007},
	url           = {https://cds.cern.ch/record/1407914}
}

@book{Meyers:2011,
	author        = {Meyers, Scott},
	title         = {C++ Efcaz 55 maneiras de aprimorar seus programas e projetos},
	isbn		  = {9788577808083},
	publisher     = {BOOKMAN COMPANHIA EDITORA},
	address       = {Porto Alegre},
	year          = {2011}
}

@book{Malvino:1985,
	title={Microcomputadores e microprocessadores},
	author={Malvino, A.P.},
	isbn={9780074503034},
	url={https://books.google.com.br/books?id=CqCrXwAACAAJ},
	year={1985},
	publisher={McGraw-Hill}
}

@book{Malvino:1985,
	title={Microcomputadores e microprocessadores},
	author={Malvino, A.P.},
	isbn={9780074503034},
	url={https://books.google.com.br/books?id=CqCrXwAACAAJ},
	year={1985},
	publisher={McGraw-Hill}
}

@book{Engholm:2010,
	title={Engenharia de Software na Pr{\'a}tica},
	author={Engholm Jr, H{\'e}lio},
	isbn={9788575222171},
	year={2010},
	publisher={Novatec Editora Ltda}
}

@book{Malvino:1985,
	title={Microcomputadores e microprocessadores},
	author={Malvino, A.P.},
	isbn={9780074503034},
	url={https://books.google.com.br/books?id=CqCrXwAACAAJ},
	year={1985},
	publisher={McGraw-Hill}
}

@book{Reis:2004, 
	author 			= {Reis, E.M.}, 
	publisher 		= {UPF EDITORA}, 	
	timestamp 		= {2012.11.02}, 
	title 			= {Previs{\~a}o de doen{\c{c}}as de plantas}, 
	pages 			= {103--135},
	year 			= {2004}
}



@book{Pradhan:1996,
	editor = {Pradhan, Dhiraj K.},
	title = {Fault-tolerant Computer System Design},
	year = {1996},
	isbn = {0-13-057887-8},
	publisher = {Prentice-Hall, Inc.},
	address = {Upper Saddle River, NJ, USA}
} 

@book{Patterson:2007, 
	author 			= {Patterson, David A. and Hennessy, John L.}, 
	title 			= {Computer Organization and Design: The Hardware/Software Interface}, 
	year 			= {2007}, 
	isbn 			= {0123706068, 9780123706065}, 
	edition 		= {3rd}, 
	publisher 		= {Morgan Kaufmann Publishers Inc.}, 
	address 		= {San Francisco, CA, USA}
}

@book{ZieglerLandFord:1979,
	title			= {The Effect of Cosmic Rays on Computer Memories},
	author			= {Ziegler, J.F. and Lanford, W.A.},
	publisher		= {Science},
	pages 			= {776--788},
	volume			= {206},
	year			= {1979}
}

@inbook{Boudenot:2007,
	author		  = {Boudenot, J. C.},
	Title		  = {Radiation space environment},
	booktitle	  = {Radiation effects on embedded systems},
	pages		  = {1--9},
	publisher	  = {Springer},
	yer			  = {2007},
	adress		  = {Dordrecht}			
}

@article{SistemasEmb:2014,
	author = {Pereira, Luiz Arthur and Carvalho, Francine Roberta and Bortolucci, Thatiane and Moraes, Marcelo Henrique},
	biburl={<http://www.pgsskroton.com.br/seer/index.php/rcext/article/download/2308/2208> Diponível em 06/09/2016.},
	publisher = {Anhanguera Educacional Ltda.},	
	journal = {Centro Universitário Anhanguera},		
	title = {Software Embarcado, o Crescimento e as Novas Tendências Deste Mercado},
	pages = {85-94},
	volume = {6},
	year = {2014}
}

@article{VonNewmann:1956,
	added-at = {2009-06-22T10:05:09.000+0200},
	author = {von Neumann, John},
	biburl = {http://www.bibsonomy.org/bibtex/2b9185ab2bade3da8c4ee350c01f5d3f7/n.nanas},
	date-added = {2007-05-02 13:15:23 +0300},
	date-modified = {2007-05-02 13:19:39 +0300},
	editor = {Shannon, C.},
	interhash = {9b0a45f759c4eb3af779a606e79866c9},
	intrahash = {b9185ab2bade3da8c4ee350c01f5d3f7},
	journal = {Automata Studies},
	pages = {43--98},
	timestamp = {2009-06-23T10:19:15.000+0200},
	title = {Probabilistic Logics and the Synthesis of Reliable Organisms from Unreliable Components},
	year = {1956}
}

@article{Brilliant:1990, 
	address 		= {Piscataway, NJ, USA}, 
	author 			= {Brilliant, Susan S. and Knight, John C. and Leveson, Nancy G.}, 
	issn 			= {0098-5589}, 
	issue_date 		= {February 1990}, 
	journal 		= {IEEE Trans. Softw. Eng.}, 
	month 			= {feb}, 
	number 			= {2}, 
	numpages 		= {10}, 
	pages 			= {238--247}, 
	publisher 		= {IEEE Press}, 
	title 			= {Analysis of Faults in an N-Version Software Experiment}, 
	volume 			= {16}, 
	year 			= {1990}
}

@article{Normand:1996, 
	author={E. Normand}, 
	journal={IEEE Transactions on Nuclear Science}, 
	title={Single-event effects in avionics}, 
	year={1996}, 
	volume={43}, 
	number={2}, 
	pages={461-474}, 
	doi={10.1109/23.490893}, 
	ISSN={0018-9499}, 
	month={Apr}
}

@article{Martins:1989,
	title={Testing multipeer protocols in the presence of faults},
	author={Martins, E and Arlat, J and Crouzet, Y and Fabre, JC and Powell, D},
	journal={Protocol Test Systems},
	pages={77--91},
	year={1989}
}

@article{Kanawati:1995, 
	author={Kanawati, G.A. and Kanawati, N.A. and Abraham, J.A.}, 
	journal={Computers, IEEE Transactions on}, 
	title={FERRARI: a flexible software-based fault and error injection system}, 
	year={1995}, 
	volume={44}, 
	number={2}, 
	pages={248-260},  
	doi={10.1109/12.364536}, 
	ISSN={0018-9340}, 
	month={Feb}
}

@article{Arlat:1990, 
	author 			= {J. Arlat and M. Aguera and L. Amat and Y. Crouzet and J.-C. Fabre and J.-C. Laprie and E. Martins and D. Powell}, 
	title 			= {Fault Injection for Dependability Validation: A Methodology and Some Applications}, 
	journal 		= {IEEE Transactions on Software Engineering}, 
	volume 			= {16}, 
	number 			= {2}, 
	issn 			= {0098-5589}, 
	year 			= {1990}, 
	pages 			= {166-182}, 
	doi 			= {http://doi.ieeecomputersociety.org/10.1109/32.44380}, 
	publisher 		= {IEEE Computer Society}, 
	address 		= {Los Alamitos, CA, USA}
}

@article{LaprieAcidente:1990, 
	author			= {J. C. Laprie and J. Arlat and C. Beounes and K. Kanoun}, 
	journal			= {Computer}, 
	title			= {Definition and analysis of hardware- and software-fault-tolerant architectures}, 
	year			= {1990}, 
	volume			= {23}, 
	number			= {7}, 
	pages			= {39-51}, 
	doi				= {10.1109/2.56851}, 
	ISSN			= {0018-9162}, 
	month			= {July}
}

@article{Arlat:2003, 
	author={Arlat, J. and Crouzet, Y. and Karlsson, J. and Folkesson, P. and Fuchs, E. and Leber, G.H.}, 
	journal={Computers, IEEE Transactions on}, 
	title={Comparison of physical and software-implemented fault injection techniques}, 
	year={2003}, 
	volume={52}, 
	number={9}, 
	pages={1115-1133},  
	doi={10.1109/TC.2003.1228509}, 
	ISSN={0018-9340}, 
	month={Sept}
}

@article{Avizienis:1984, 
	author={Avizienis, A. and Kelly, J.P.J.}, 
	journal={Computer}, 
	title={Fault Tolerance by Design Diversity: Concepts and Experiments}, 
	year={1984}, 
	volume={17}, 
	number={8}, 
	pages={67-80}, 
	doi={10.1109/MC.1984.1659219}, 
	ISSN={0018-9162}, 
	month={Aug}
}

@article{Somani:1997, 
	address 		= {Los Alamitos, CA, USA}, 
	author 			= {Somani, Arun K. and Vaidya, Nitin H.}, 
	issn 			= {0018-9162}, 
	issue_date 		= {April 1997}, 
	journal 		= {Computer}, 
	month 			= {apr}, 
	number 			= {4}, 
	numpages 		= {6}, 
	pages 			= {45--50}, 
	publisher 		= {IEEE Computer Society Press}, 
	title 			= {Understanding Fault Tolerance and Reliability}, 
	volume 			= {30}, 
	year 			= {1997}
}

@article{Chetan:2005, 
	author 			= {Shiva Chetan and Ranganathan, A and Campbell, R.}, 
	journal 		= {Technology and Society Magazine, IEEE}, 
	title 			= {Towards fault tolerance pervasive computing}, 
	year 			= {2005}, 
	month 			= {Spring}, 
	volume 			= {24}, 
	number 			= {1}, 
	pages 			= {38-44}, 
	doi 			= {10.1109/MTAS.2005.1407746}, 
	ISSN 			= {0278-0097}
}



@article{Stassinopoulos:1988, 
	author={Stassinopoulos, E.G. and Raymond, James P.}, 
	journal={Proceedings of the IEEE}, 
	title={The space radiation environment for electronics}, 
	year={1988}, 
	volume={76}, 
	number={11}, 
	pages={1423-1442}, 
	doi={10.1109/5.90113}, 
	ISSN={0018-9219}, 
	month={Nov}
}

@article{Johnson:1984, 
	author 			= {Johnson, B.W.}, 
	journal			= {Micro, IEEE}, 
	title 			= {Fault-Tolerant Microprocessor-Based Systems}, 
	year 			= {1984}, 
	month 			= {dec}, 
	volume 			= {4}, 
	number 			= {6}, 
	pages 			= {6-21}, 
	doi 			= {10.1109/MM.1984.291277}, 
	ISSN 			= {0272-1732}
}

@article{Kanawati:1995, 
	author			={G. A. Kanawati and N. A. Kanawati and J. A. Abraham}, 
	journal			={IEEE Transactions on Computers}, 
	title			={FERRARI: a flexible software-based fault and error injection system}, 
	year			={1995}, 
	volume			={44}, 
	number			={2}, 
	pages			={248-260}, 
	doi				={10.1109/12.364536}, 
	ISSN			={0018-9340}, 
	month			={Feb}
}



@article{Nelson:1990, 
	address			= {Los Alamitos, CA, USA}, 
	author 			= {Nelson, Victor P.}, 
	issue_date 		= {July 1990}, 
	journal 		= {Computer}, 
	month 			= {jul}, 
	numpages 		= {7}, 
	pages 			= {19--25}, 
	publisher 		= {IEEE Computer Society Press}, 
	timestamp 		= {2012.11.02}, 
	title 			= {Fault-Tolerant Computing: Fundamental Concepts}, 
	volume 			= {23}, 
	year 			= {1990}
}


@article{Ziegler:1996, 
	author				= {Ziegler, J.F.}, 
	journal				= {IBM Journal of Research and Development}, 
	title				= {Terrestrial cosmic rays}, 
	year				= {1996}, 
	volume				= {40}, 
	number				= {1}, 
	pages				= {19-39}, 
	doi					= {10.1147/rd.401.0019}, 
	ISSN				= {0018-8646}, 
	month				= {Jan}
}

@article{Nelson:1990, 
	author={Nelson, V.P.}, 
	journal={Computer}, 
	title={Fault-tolerant computing: fundamental concepts}, 
	year={1990}, 
	volume={23}, 
	number={7}, 
	pages={19-25},  
	doi={10.1109/2.56849}, 
	ISSN={0018-9162}, 
	month={July}
	
}


@article{Hsueh:1997, 
	acmid 			= {620685}, 
	address 		= {Los Alamitos, CA, USA}, 
	author 			= {Hsueh, Mei-Chen and Tsai, Timothy K. and Iyer, Ravishankar K.}, 
	doi 			= {10.1109/2.585157}, 
	issn 			= {0018-9162}, 
	issue_date 		= {April 1997}, 
	journal 		= {Computer}, 
	month 			= {apr}, 
	number 			= {4}, 
	numpages 		= {8}, 
	pages 			= {75--82}, 
	publisher 		= {IEEE Computer Society Press}, 
	title 			= {Fault Injection Techniques and Tools}, 
	url 			= {http://dx.doi.org/10.1109/2.585157}, 
	volume 			= {30}, 
	year 			= {1997}
}

@inproceedings{Gunnelo:1989, 
	author={Gunneflo, U. and Karlsson, J. and Torin, J.}, 
	booktitle={Fault-Tolerant Computing, 1989. FTCS-19. Digest of Papers., Nineteenth International Symposium on}, 
	title={Evaluation of error detection schemes using fault injection by heavy-ion radiation}, 
	year={1989}, 
	pages={340-347}, 
	doi={10.1109/FTCS.1989.105590}, 
	month={June}
}

@inproceedings{Dawson:1995, 
	author={S. Dawson and F. Jahanian and T. Mitton}, 
	booktitle={Real-Time Systems Symposium, 1995. Proceedings., 16th IEEE}, 
	title={A software fault injection tool on real-time Mach}, 
	year={1995}, 
	pages={130-140}, 
	doi={10.1109/REAL.1995.495203}, 
	ISSN={1052-8725}, 
	month={Dec}
}

@inproceedings{Rosenberg:1993, 
	author={H. A. Rosenberg and K. G. Shin}, 
	booktitle={Fault-Tolerant Computing, 1993. FTCS-23. Digest of Papers., The Twenty-Third International Symposium on}, 
	title={Software fault injection and its application in distributed systems}, 
	year={1993}, 
	pages={208-217}, 
	keywords={software fault tolerance;HARTS;dependability mechanisms;distributed real-time system;distributed systems;fault injection tools;software fault injection;timing parameters;validation;Acceleration;Aerodynamics;Application software;Fault tolerance;Fault tolerant systems;Hardware;Laboratories;Real time systems;System testing;Timing}, 
	doi={10.1109/FTCS.1993.627324}, 
	ISSN={0731-3071}, 
	month={June}
}

@inproceedings{Segall:1988, 
	author={Z. Segall and D. Vrsalovic and D. Siewiorek and D. Yaskin and J. Kownacki and J. Barton and R. Dancey and A. Robinson and T. Lin}, 
	booktitle={Fault-Tolerant Computing, 1988. FTCS-18, Digest of Papers., Eighteenth International Symposium on}, 
	title={FIAT-fault injection based automated testing environment}, 
	year={1988}, 
	pages={102-107}, 
	keywords={automatic testing;distributed processing;fault tolerant computing;automated testing environment;fault injection environment;fault tolerant systems;validation;Acceleration;Automatic testing;Circuit faults;Electrical fault detection;Fault detection;Fault tolerant systems;Hardware;NASA;Predictive models;Real time systems}, 
	doi={10.1109/FTCS.1988.5306}, 
	month={June}
}

@inproceedings{Avizienis:1995, 
	author={Liming Chen and Avizienis, A.}, 
	booktitle={Fault-Tolerant Computing, 1995, Highlights from Twenty-Five Years., Twenty-Fifth International Symposium on}, 
	title={N-VERSION PROGRAMMINC: A FAULT-TOLERANCE APPROACH TO RELlABlLlTY OF SOFTWARE OPERATlON}, 
	year={1995}, 
	pages={113-}, 
	doi={10.1109/FTCSH.1995.532621}, 
	month={Jun}
}

@inproceedings{Mansoori:2013, 
	author				={Mansoori, A.A. and Khan, P.A. and Bhawre, P. and Gwal, A.K. and Purohit, P.K.}, 
	booktitle			={Space Science and Communication (IconSpace), 2013 IEEE International Conference on}, 
	title				={Variability of TEC at mid latitude with solar activity during the solar cycle 23 and 24}, 
	year				={2013}, 
	pages				={83-87}, 	 
	doi					={10.1109/IconSpace.2013.6599438}, 
	ISSN				={2165-4301}, 
	month				={July}
}

@inproceedings{Tanembaum:2013, 
	author={Giuffrida, C. and Kuijsten, A. and Tanenbaum, A.S.}, 
	booktitle={Dependable Computing (PRDC), 2013 IEEE 19th Pacific Rim International Symposium on}, 
	title={EDFI: A Dependable Fault Injection Tool for Dependability Benchmarking Experiments}, 
	year={2013}, 
	pages={31-40}, 
	doi={10.1109/PRDC.2013.12}, 
	month={Dec}
}

@inproceedings{Reis:2005:SSI:1048922.1048991,
	author = {Reis, George A. and Chang, Jonathan and Vachharajani, Neil and Rangan, Ram and August, David I.},
	title = {SWIFT: Software Implemented Fault Tolerance},
	booktitle = {Proceedings of the International Symposium on Code Generation and Optimization},
	series = {CGO '05},
	year = {2005},
	isbn = {0-7695-2298-X},
	pages = {243--254},
	numpages = {12},
	url = {http://dx.doi.org/10.1109/CGO.2005.34},
	doi = {10.1109/CGO.2005.34},
	acmid = {1048991},
	publisher = {IEEE Computer Society},
	address = {Washington, DC, USA}
} 

@inproceedings{Woods:1978, 
	author={May, Timothy C. and Woods, Murray H.}, 
	booktitle={Reliability Physics Symposium, 1978. 16th Annual}, 
	title={A New Physical Mechanism for Soft Errors in Dynamic Memories}, 
	year={1978}, 
	pages={33-40},  
	doi={10.1109/IRPS.1978.362815}, 
	ISSN={0735-0791}, 
	month={April}
}

@inproceedings{Yu:2008, 
	author={Hai Yu and Xiaoya Fan and Nicolaidis, M.}, 
	booktitle={Solid-State and Integrated-Circuit Technology, 2008. ICSICT 2008. 9th International Conference on}, 
	title={Design trends and challenges of logic soft errors in future nanotechnologies circuits reliability}, 
	year={2008}, 
	pages={651-654}, 	
	month={Oct}
}
@inproceedings{Ecoffet:1994, 
	author={Ecoffet, R. and Duzellier, S. and Tastet, P. and Aicardi, C. and Labrunee, M.}, 
	booktitle={Radiation Effects Data Workshop, 1994 IEEE}, 
	title={Observation of heavy ion induced transients in linear circuits}, 
	year={1994}, 
	pages={72-77}, 
	doi={10.1109/REDW.1994.633038}, 
	month={July}
}

@inproceedings{Liu:2009,
	author={Y. Liu and L. Ma and S. Huang},
	booktitle={Natural Computation, 2009. ICNC '09. Fifth International Conference on},
	title={A Fault Detection and Isolation Model Based on Conditional Finite State Machine for Gas Turbine},
	year={2009},
	volume={2},
	pages={477-481},
	keywords={fault diagnosis;finite state machines;gas turbines;conditional finite state machine;fault detection;fault isolation model;fault relationship type;fault states;gas turbine system;Appropriate technology;Automata;Educational institutions;Fault detection;Fault diagnosis;Isolation technology;Power engineering and energy;Power engineering computing;Tellurium;Turbines;conditional finite state machine;fault;fault diagnosis and isolation;fault state;gas turbine},
	doi={10.1109/ICNC.2009.684},
	month={Aug}
}


@periodical{Iaione:1999,
	author               = {Iaione, Fábio and Lima, Daniel Galvan and Gassen, Flávio Renato},
	timestamp            = {2012.11.02},
	title                = {Equipamento para coleta de dados e previsão de doenças na lavoura},
	year                 = {1999}
}

@mastersthesis{Kruger:2014, 
	address 		= {Campo Grande}, 
	author 			= {Kruger, K.}, 
	school 			= {UFMS}, 
	title 			= {Programação de Microcontroladores Utilizando Técnicas de Tolerância a Falhas}, 
	year 			= {2014}
}

@mastersthesis{Valderi:2008, 
	address 		= {Porto Alegre}, 
	author 			= {Leithardt, Valderi Reis Quietinho}, 
	school 			= {PUCRS}, 
	title 			= {Modelo gerenciador de descoberta de serviços pervasivos ciente de contexto}, 
	year 			= {2008}
}

@mastersthesis{Sotoma:1997, 
	address 		= {Porto Alegre}, 
	author 			= {Sotoma, I.}, 
	school 			= {UFRGS}, 
	title 			= {AFIDS - Arquitetura para Injeção de Falhas em Sistemas Distribuídos}, 
	year 			= {1997}
}


@misc{escritaNaFlash:2016,
	author = {ARM mbed},
	title = {IAP internal flash write},
	year = {2010},
	url = {$<$https://developer.mbed.org/users/okano/code/$>$},
	note = {Disponível em: $<$https://developer.mbed.org/users/okano/code/$>$ Acesso em: 23/03/2016}
}

@misc{manualLpc176x:2016,
	author = {ARM mbed},
	title = {LPC1768/66/65/64},
	year = {2009},
	url = {$<$http://www.nxp.com/$>$},
	note = {Disponível em: $<$http://www.nxp.com/$>$ Acesso em: 23/03/2016}
}

@misc{mbedCompiler:2016,
	author = {ARM mbed},
	title = {Compilador},
	year = {2016},
	url = {$<$https://developer.mbed.org/$>$},
	note = {Disponível em: $<$https://developer.mbed.org/$>$ Acesso em: 23/03/2016}
}

@misc{mbedWhatdog:2016,
	author = {ARM mbed},
	title = {Compilador},
	year = {2016},
	url = {$<$https://developer.mbed.org/cookbook/WatchDog-Timer$>$},
	note = {Disponível em: $<$https://developer.mbed.org/cookbook/WatchDog-Timer$>$ Acesso em: 29/08/2016}
}

@misc{lpc1768:2016,
	author = {ARM mbed},
	title = {mbed LPC1768},
	year = {2016},
	url = {$<$https://developer.mbed.org/platforms/mbed-LPC1768/$>$},
	note = {Disponível em: $<$https://developer.mbed.org/platforms/mbed-LPC1768/$>$ Acesso em: 23/03/2016}		
}

@misc{orderUnicamp,
	author = {Diego Narciso Hernande},
	title = {Estrutura de Dados},
	year = {2011},
	url = {$<$http://www.ft.unicamp.br/liag/siteEd/$>$},
	note = {Disponível em: $<$http://www.ft.unicamp.br/liag/siteEd/$>$ Acesso em: 03/08/2016}		
}

@misc{cinturao,
	title = {Cinturão de Van Allen},
	url = {$<$http://geocities.ws/saladefisica5/leituras/vanallen.html$>$},
	note = {Disponível em: $<$http://geocities.ws/saladefisica5/leituras/vanallen.html$>$ Acesso em: 17/11/2015}		
}

@misc{vivaLinux,
	author = {Satiago Stavisk},
	title = {Ordenar vetor com algoritmo inserton sort},
	year = {2010},
	url = {$<$https://www.vivaolinux.com.br/script/Ordenar-vetor-com-algoritmo-Insertion-Sort/$>$},
	note = {Disponível em: $<$https://www.vivaolinux.com.br/script/Ordenar-vetor-com-algoritmo-Insertion-Sort/$>$ Acesso em: 03/08/2016}		
}

@misc{Weber:2002, 
	author 				= {Weber, Taisy Silva}, 
	title 				= {Um roteiro para exploração dos conceitos básicos de tolerância a falhas},
	year 				= {2002},
	howpublished 		= {Publicação online}, 
	url 				= {<http://www.inf.ufrgs.br/~taisy/disciplinas/textos/Dependabilidade.pdf>},
	note 				= {Disponível em: $<$http://www.inf.ufrgs.br/~taisy/disciplinas/textos/Dependabilidade.pdf$>$ Acesso em: 15/11/2015},
	institution 		= {Instituto de Informática – UFRGS}, 
	address 			= {Porto Alegre}, 
	numpages 			= {62},
	school 				= {Instituto de Informática – UFRGS}
}

@misc{Vinicius:2009, 
	author 				= {Senger, Vinicius, Xavier, Kleber},
	title 				= {33 design-patterns aplicados com Java},
	year 				= {2009},
	howpublished 		= {Publicação online}, 
	url 				= {$<$http://pt.slideshare.net/vsenger/33-design-patterns-com-java$>$},
	note 				= {Disponível em: $<$http://pt.slideshare.net/vsenger/33-design-patterns-com-java$>$ Acesso em: 14-Abril-2016},
	numpages 			= {245}
}


@phdthesis{Pego:2014, 
	address 		= {Belo Horizonte}, 
	author 			= {Pego, M. O}, 
	school 			= {UFMG}, 
	title 			= {Tolerância a falhas através de escalonamento em um sistema multiprocessado}, 
	year 			= {2004}
}

@techreport{Thomas:1996, 
	author 			= {Tadeu, Thomas G. and Galvão, Luiz Eduardo M.}, 
	title 			= {Um Estudo Exploratório Sobre Sistemas Operacionais Embarcados}, 
	institution     = { Instituto de Ciência e Tecnologia da Universidade Federal de São Paulo - UNIFESP},
	number 			= {1}, 
	volume 			= {1}, 
	year            = {2014}
}

@techreport{Carvalho:2006,
	address              = {Porto Alegre: SBC},
	author               = {Carvalho, A.},
	institution          = {SBC - Sociedade Brasileira de Computação},
	journal              = {Relatório sobre o Seminário realizado em 8 e 9 de maio de 2006},
	organization         = {SBC - Sociedade Brasileira de Computação},
	timestamp            = {2012.11.02},
	title                = {Grandes Desafios da Pesquisa em Computação no Brasil de 2006 - 2016},
	url                  = {<http://www.sbc.org.br>. Disponível em: 25 ago 2013.},
	year                 = {2006}
}

@book{Pressman:2005, 
	author 			= {Pressman, Roger}, 
	title 			= {Software Engineering: A Practitioner's Approach}, 
	year 			= {2005}, 
	isbn 			= {0077227808, 9780077227807}, 
	edition 		= {6}, 
	publisher 		= {McGraw-Hill, Inc.}, 
	address 		= {New York, NY, USA},
} 

@book{Taurion:2005, 
	address 		= {Rio de Janeiro}, 
	author 			= {Taurion, C.}, 
	publisher 		= {Brasport}, 
	timestamp 		= {2012.11.02}, 
	title 			= {Software embarcado: oportunidades e potencial de mercado}, 
	year 			= {2005},
}
